<record><leader>00000cas a22000007a 4500</leader><controlfield tag="001">1766161</controlfield><controlfield tag="008">751101d19uu1968mnuwr ne      0    0eng d</controlfield><datafield ind1=" " ind2=" " tag="010"><subfield code="a">sn 90060442 </subfield></datafield><datafield ind1=" " ind2=" " tag="040"><subfield code="a">MUL</subfield><subfield code="b">eng</subfield><subfield code="c">MUL</subfield><subfield code="d">MN#</subfield><subfield code="d">OCLCQ</subfield><subfield code="d">OCLCF</subfield><subfield code="d">OCLCO</subfield></datafield><datafield ind1=" " ind2=" " tag="042"><subfield code="a">msc</subfield></datafield><datafield ind1=" " ind2=" " tag="043"><subfield code="a">n-us-mn</subfield></datafield><datafield ind1=" " ind2=" " tag="052"><subfield code="a">4144</subfield><subfield code="b">S7</subfield><subfield code="b">S42</subfield><subfield code="b">N5</subfield><subfield code="b">W87</subfield><subfield code="b">T42</subfield><subfield code="b">C77</subfield></datafield><datafield ind1=" " ind2=" " tag="052"><subfield code="a">4143</subfield><subfield code="b">D3</subfield><subfield code="b">W5</subfield></datafield><datafield ind1="0" ind2=" " tag="130"><subfield code="a">Reporter (South Saint Paul, Minn. : So. Washington County ed.)</subfield></datafield><datafield ind1="1" ind2="0" tag="245"><subfield code="a">Reporter.</subfield></datafield><datafield ind1="1" ind2="3" tag="246"><subfield code="a">South St. Paul reporter and St. Paul Park-Newport reporter</subfield><subfield code="f">May 5, 1961-Jan 10, 1963</subfield></datafield><datafield ind1="1" ind2="3" tag="246"><subfield code="a">South Saint Paul reporter and Saint Paul Park-Newport reporter</subfield></datafield><datafield ind1="3" ind2="0" tag="246"><subfield code="a">This is suburban life</subfield></datafield><datafield ind1="1" ind2="3" tag="246"><subfield code="a">Suburban life</subfield><subfield code="f">Mar. 7, 1962-Dec. 5, 1962</subfield></datafield><datafield ind1="1" ind2="7" tag="246"><subfield code="a">St. Paul suburban life</subfield><subfield code="f">Mar. 7, 1962-Dec. 5, 1962</subfield></datafield><datafield ind1=" " ind2=" " tag="250"><subfield code="a">So. Washington County ed.</subfield></datafield><datafield ind1=" " ind2=" " tag="260"><subfield code="a">South St. Paul, Minn. :</subfield><subfield code="b">St. Paul Suburban Newspapers,</subfield><subfield code="c">-1968.</subfield></datafield><datafield ind1=" " ind2=" " tag="300"><subfield code="a">v.</subfield></datafield><datafield ind1=" " ind2=" " tag="310"><subfield code="a">Weekly</subfield></datafield><datafield ind1="0" ind2=" " tag="362"><subfield code="a">-v. 6, no. 11 (Feb. 28, 1968).</subfield></datafield><datafield ind1=" " ind2=" " tag="500"><subfield code="a">Published as: This is suburban life, Mar. 7, 1962-Dec. 5, 1962.</subfield></datafield><datafield ind1=" " ind2=" " tag="530"><subfield code="a">Available on microfilm from the Minnesota Historical Society.</subfield></datafield><datafield ind1=" " ind2=" " tag="588"><subfield code="a">Description based on: Vol. 71, no. 35 (May 5, 1961).</subfield></datafield><datafield ind1=" " ind2="0" tag="651"><subfield code="a">South Saint Paul (Minn.)</subfield><subfield code="v">Newspapers.</subfield></datafield><datafield ind1=" " ind2="0" tag="651"><subfield code="a">Newport (Minn.)</subfield><subfield code="v">Newspapers.</subfield></datafield><datafield ind1=" " ind2="0" tag="651"><subfield code="a">Woodbury (Minn.)</subfield><subfield code="v">Newspapers.</subfield></datafield><datafield ind1=" " ind2="0" tag="651"><subfield code="a">Thompson Grove (Minn.)</subfield><subfield code="v">Newspapers.</subfield></datafield><datafield ind1=" " ind2="0" tag="651"><subfield code="a">Saint Paul Park (Minn.)</subfield><subfield code="v">Newspapers.</subfield></datafield><datafield ind1=" " ind2="0" tag="651"><subfield code="a">Cottage Grove (Minn.)</subfield><subfield code="v">Newspapers.</subfield></datafield><datafield ind1=" " ind2="7" tag="655"><subfield code="a">Newspapers.</subfield><subfield code="2">fast</subfield><subfield code="0">(OCoLC)fst01423814</subfield></datafield><datafield ind1=" " ind2="7" tag="651"><subfield code="a">Minnesota</subfield><subfield code="z">Cottage Grove.</subfield><subfield code="2">fast</subfield><subfield code="0">(OCoLC)fst01223703</subfield></datafield><datafield ind1=" " ind2="7" tag="651"><subfield code="a">Minnesota</subfield><subfield code="z">Newport.</subfield><subfield code="2">fast</subfield><subfield code="0">(OCoLC)fst01256536</subfield></datafield><datafield ind1=" " ind2="7" tag="651"><subfield code="a">Minnesota</subfield><subfield code="z">Saint Paul Park.</subfield><subfield code="2">fast</subfield><subfield code="0">(OCoLC)fst01208814</subfield></datafield><datafield ind1=" " ind2="7" tag="651"><subfield code="a">Minnesota</subfield><subfield code="z">South Saint Paul.</subfield><subfield code="2">fast</subfield><subfield code="0">(OCoLC)fst01208836</subfield></datafield><datafield ind1=" " ind2="7" tag="651"><subfield code="a">Minnesota</subfield><subfield code="z">Thompson Grove.</subfield><subfield code="2">fast</subfield><subfield code="0">(OCoLC)fst01260519</subfield></datafield><datafield ind1=" " ind2="7" tag="651"><subfield code="a">Minnesota</subfield><subfield code="z">Woodbury.</subfield><subfield code="2">fast</subfield><subfield code="0">(OCoLC)fst01227958</subfield></datafield><datafield ind1=" " ind2=" " tag="752"><subfield code="a">United States</subfield><subfield code="b">Minnesota</subfield><subfield code="c">Dakota</subfield><subfield code="d">South Saint Paul.</subfield></datafield><datafield ind1=" " ind2=" " tag="752"><subfield code="a">United States</subfield><subfield code="b">Minnesota</subfield><subfield code="c">Washington</subfield><subfield code="d">Newport.</subfield></datafield><datafield ind1=" " ind2=" " tag="752"><subfield code="a">United States</subfield><subfield code="b">Minnesota</subfield><subfield code="c">Washington</subfield><subfield code="d">Woodbury.</subfield></datafield><datafield ind1=" " ind2=" " tag="752"><subfield code="a">United States</subfield><subfield code="b">Minnesota</subfield><subfield code="c">Washington</subfield><subfield code="d">Thompson Grove.</subfield></datafield><datafield ind1=" " ind2=" " tag="752"><subfield code="a">United States</subfield><subfield code="b">Minnesota</subfield><subfield code="c">Washington</subfield><subfield code="d">Saint Paul Park.</subfield></datafield><datafield ind1=" " ind2=" " tag="752"><subfield code="a">United States</subfield><subfield code="b">Minnesota</subfield><subfield code="c">Washington</subfield><subfield code="d">Cottage Grove.</subfield></datafield><datafield ind1="0" ind2="0" tag="785"><subfield code="t">South Washington County sun</subfield><subfield code="w">(DLC)sn 90060305</subfield></datafield></record>